<record><leader>00000cas a2200000 a 4500</leader><controlfield tag="001">15876469</controlfield><controlfield tag="008">870610d193619uuilusr ne      0    0eng c</controlfield><datafield ind1=" " ind2=" " tag="010"><subfield code="a">sn 87082793 </subfield></datafield><datafield ind1=" " ind2=" " tag="040"><subfield code="a">NPV</subfield><subfield code="b">eng</subfield><subfield code="c">NPV</subfield><subfield code="d">NVF</subfield><subfield code="d">OCLCF</subfield><subfield code="d">OCLCO</subfield></datafield><datafield ind1="1" ind2=" " tag="029"><subfield code="a">AU@</subfield><subfield code="b">000020473765</subfield></datafield><datafield ind1=" " ind2=" " tag="042"><subfield code="a">pcc</subfield></datafield><datafield ind1=" " ind2=" " tag="043"><subfield code="a">n-us-il</subfield></datafield><datafield ind1="0" ind2=" " tag="130"><subfield code="a">Morgan County news (Jacksonville, Ill.)</subfield></datafield><datafield ind1="1" ind2="4" tag="245"><subfield code="a">The Morgan County news.</subfield></datafield><datafield ind1=" " ind2=" " tag="260"><subfield code="a">Jacksonville, Ill. :</subfield><subfield code="b">Bunce-Branstiter Pub. Co.,</subfield><subfield code="c">1936-[19--?].</subfield></datafield><datafield ind1=" " ind2=" " tag="300"><subfield code="a">v.</subfield></datafield><datafield ind1=" " ind2=" " tag="310"><subfield code="a">Semimonthly</subfield></datafield><datafield ind1="0" ind2=" " tag="362"><subfield code="a">Vol. 38, no. 21 (Jan. 9, 1936)-</subfield></datafield><datafield ind1=" " ind2=" " tag="588"><subfield code="a">Latest issue consulted: Vol. 38, no. 3 (May 27, 1937).</subfield></datafield><datafield ind1=" " ind2="0" tag="651"><subfield code="a">Jacksonville (Ill.)</subfield><subfield code="v">Newspapers.</subfield></datafield><datafield ind1=" " ind2="0" tag="651"><subfield code="a">Morgan County (Ill.)</subfield><subfield code="v">Newspapers.</subfield></datafield><datafield ind1=" " ind2="7" tag="655"><subfield code="a">Newspapers.</subfield><subfield code="2">fast</subfield><subfield code="0">(OCoLC)fst01423814</subfield></datafield><datafield ind1=" " ind2="7" tag="651"><subfield code="a">Illinois</subfield><subfield code="z">Jacksonville.</subfield><subfield code="2">fast</subfield><subfield code="0">(OCoLC)fst01214078</subfield></datafield><datafield ind1=" " ind2="7" tag="651"><subfield code="a">Illinois</subfield><subfield code="z">Morgan County.</subfield><subfield code="2">fast</subfield><subfield code="0">(OCoLC)fst01215004</subfield></datafield><datafield ind1=" " ind2=" " tag="752"><subfield code="a">United States</subfield><subfield code="b">Illinois</subfield><subfield code="c">Morgan</subfield><subfield code="d">Jacksonville.</subfield></datafield><datafield ind1="0" ind2="0" tag="780"><subfield code="t">Farm (Jacksonville, Ill. : 1916)</subfield><subfield code="w">(DLC)sn 87082794</subfield><subfield code="w">(OCoLC)15876555</subfield></datafield></record>